<record xmlns:xsi="http://www.w3.org/2001/XMLSchema-instance" xmlns="http://www.loc.gov/MARC21/slim" xsi:schemaLocation="http://www.loc.gov/MARC21/slim http://www.loc.gov/standards/marcxml/schema/MARC21slim.xsd">

  <leader>00705nam a22001937a 4500</leader>
  <datafield ind1=" " ind2=" " tag="999">
    <subfield code="c">2707</subfield>
    <subfield code="d">2707</subfield>
  </datafield>
  <controlfield tag="008">150624b        xxu||||| |||| 00| 0 spa d</controlfield>
  <datafield tag="020" ind2=" " ind1=" ">
    <subfield code="a">978-9968-900-12-6</subfield>
  </datafield>
  <datafield tag="090" ind2=" " ind1=" ">
    <subfield code="a">08.15.02 2149 </subfield>
    <subfield code="b">003768 </subfield>
  </datafield>
  <datafield tag="110" ind2=" " ind1="2">
    <subfield code="9">262</subfield>
    <subfield code="a">Programa de las Naciones Unidas para el Desarrollo</subfield>
  </datafield>
  <datafield tag="245" ind2="0" ind1="1">
    <subfield code="a">Retos y oportunidades del software libre en la administración pública en Costa Rica / </subfield>
    <subfield code="c">Programa de las Naciones Unidas para el Desarrollo</subfield>
  </datafield>
  <datafield tag="260" ind1=" " ind2=" ">
    <subfield code="a">San José :</subfield>
    <subfield code="b">PNUD,</subfield>
    <subfield code="c">2013</subfield>
  </datafield>
  <datafield ind2=" " ind1=" " tag="300">
    <subfield code="a">121 páginas. </subfield>
  </datafield>
  <datafield tag="650" ind2="4" ind1="1">
    <subfield code="9">230</subfield>
    <subfield code="a">ADMINISTRACION PÚBLICA</subfield>
  </datafield>
  <datafield tag="650" ind2="4" ind1="1">
    <subfield code="9">231</subfield>
    <subfield code="a">SOFTWARE DE CODIGO ABIERTO</subfield>
  </datafield>
  <datafield ind1="1" ind2="4" tag="650">
    <subfield code="9">28</subfield>
    <subfield code="a">TECNOLOGÍA</subfield>
  </datafield>
  <datafield tag="650" ind2="4" ind1="1">
    <subfield code="9">1302</subfield>
    <subfield code="a">PROGRAMAS DE COMPUTADORA</subfield>
  </datafield>
  <datafield ind1=" " ind2="4" tag="651">
    <subfield code="9">47</subfield>
    <subfield code="a">COSTA RICA</subfield>
  </datafield>
  <datafield tag="942" ind2=" " ind1=" ">
    <subfield code="2">z</subfield>
    <subfield code="c">01</subfield>
  </datafield>
</record>